<record><leader>00000cas a2200000 a 4500</leader><controlfield tag="001">10703891</controlfield><controlfield tag="008">840508d19441948ncuwr ne      0   a0eng d</controlfield><datafield ind1=" " ind2=" " tag="010"><subfield code="a">sn 91066064 </subfield></datafield><datafield ind1=" " ind2=" " tag="040"><subfield code="a">WIH</subfield><subfield code="b">eng</subfield><subfield code="c">WIH</subfield><subfield code="d">NYS</subfield><subfield code="d">NVJ</subfield><subfield code="d">OCL</subfield><subfield code="d">OCLCQ</subfield></datafield><datafield ind1=" " ind2=" " tag="042"><subfield code="a">msc</subfield></datafield><datafield ind1=" " ind2=" " tag="043"><subfield code="a">n-us---</subfield></datafield><datafield ind1="0" ind2="0" tag="245"><subfield code="a">Camp Lejeune globe.</subfield></datafield><datafield ind1=" " ind2=" " tag="260"><subfield code="a">New River, N.C. :</subfield><subfield code="b">Public Relations Office of Camp Lejeune,</subfield><subfield code="c">1944-</subfield></datafield><datafield ind1=" " ind2=" " tag="300"><subfield code="a">v. :</subfield><subfield code="b">ill.</subfield></datafield><datafield ind1=" " ind2=" " tag="310"><subfield code="a">Weekly</subfield></datafield><datafield ind1="0" ind2=" " tag="362"><subfield code="a">Vol. 1, no. 1 (Feb. 23, 1944)-v. 5, no. 35 (Sept. 2, 1948).</subfield></datafield><datafield ind1=" " ind2=" " tag="500"><subfield code="a">Official publication of Camp Lejeune.</subfield></datafield><datafield ind1=" " ind2=" " tag="500"><subfield code="a">Published in Camp Lejeune, N.C., Mar. 8, 1944-Sept. 2, 1948.</subfield></datafield><datafield ind1=" " ind2=" " tag="530"><subfield code="a">Available on microfilm from U.S. Marine Corps, Microfilm Unit.</subfield></datafield><datafield ind1=" " ind2=" " tag="752"><subfield code="a">United States</subfield><subfield code="b">North Carolina</subfield><subfield code="c">Onslow</subfield><subfield code="d">Camp Lejeune.</subfield></datafield><datafield ind1=" " ind2=" " tag="752"><subfield code="a">United States</subfield><subfield code="b">North Carolina</subfield><subfield code="c">Onslow</subfield><subfield code="d">New River.</subfield></datafield><datafield ind1="0" ind2="0" tag="780"><subfield code="t">New River pioneer</subfield><subfield code="w">(OCoLC)10703713</subfield></datafield><datafield ind1="0" ind2="0" tag="785"><subfield code="t">Globe (Camp Lejeune, N.C.)</subfield><subfield code="w">(DLC)sn 95072307</subfield></datafield><datafield ind1="1" ind2=" " tag="029"><subfield code="a">AU@</subfield><subfield code="b">000020664635</subfield></datafield></record>